@string{jlap="Journal of Logic and Algebraic Programming"}

@Unpublished{Hughes:freestar,
    author    =  {Hughes, Dominic J. D.},
    title     =  {Simple Free Star-Autonomous Categories and Full Coherence},
    year      =  {2005},
    month     =  {June},
    note   =  {ArXiv Mathematics e-prints, math/0506521}
}

@Unpublished{Cheng:trees,
    author = {Eugenia Cheng},
    title = "{A relationship between trees and Kelly-Mac Lane graphs}",
    note   =  {ArXiv Mathematics e-prints, math/0304287},
    year = 2003,
    month = apr
}


@Article{Cockett:weakly,
    author = "R. Blute and J. R. B. Cockett and R. A. G. Seely
                  and T. H. Trimble",
    title = "Natural Deduction and Coherence for Weakly Distributive
                  Categories",
    journal = "Journal of Pure and Applied Algebra",
    volume = "13",
    number = "3",
    year = "1996",
}

@PhdThesis{Tan:phd,
  author = 	 {{Audrey M.} Tan},
  title = 	 {Full Completeness for Models of Linear Logic},
  school = 	 {University of Cambridge},
  year = 	 {1997},
}



@Book{Lambek:categorical,
  author = 	 {J. Lambek and {P. J.} Scott},
  title = 	 {Introduction to Higher-Order Categorical Logic},
  publisher = 	 {Cambridge University Press},
  year = 	 {1986},
}

@Article{Lambek:lambda_ccc,
    author =	{J. Lambek},
    title =	{From $\lambda$-calculus to Cartesian Closed Categories},
    journal =	{To H.B. Curry: Essays on Combinatory Logic, Lambda-Calculus and Formalism},
    editor =	{{J.R.} Hindley and {J.P.} Seldin},
    publisher =	{Academic Press},
}

@Article{Kelly:coherence,
  author = 	 {{G. M.} Kelly and Saunders {Mac Lane}},
  title = 	 {Coherence in Closed Categories},
  journal = 	 {Journal of Pure and Applied Algebra},
  year = 	 {1971},
  volume = 	 {1},
  number = 	 {1},
}

@article{Danos:mll,
    author = "Vincent Danos and Laurent Regnier",
    title = "The Structure of Multiplicatives",
    journal = "Archive for Mathematical Logic",
    year = "1989",
    volume = "28",
}

@PhdThesis{Trimble:phd,
  author = 	 {{Todd H.} Trimble},
  title = 	 {Linear logic, bimodules, and full coherence for
                  autonomous categories},
  school = 	 {Rutgers University},
  year = 	 {1994},
}

@TechReport{Girard:lazy,
  author = 	 {Jean-Yves Girard and Yves Lafont},
  title = 	 {Linear Logic and Lazy Computation},
  institution =  {INRIA},
  year = 	 {1986},
  url =          {http://hal.inria.fr/inria-00075966/en/},
  number = 	 {RR-0588},
}

@InProceedings{Girard:survey,
  author = 	 {Jean-Yves Girard},
  title = 	 {Linear Logic: a Survey},
  booktitle = {Proc. International Summer School of
                  Marktoberdorf},
  year = 	 {1993},
  series = 	 {F94},
  organization = {NATO Advanced Science Institute},
}


@Article{ll,
  author  = {Jean-Yves Girard},
  title   = {Linear logic},
  journal = TCS,
  year    = {1987},
  volume  = {50},
}


@Article{Ong:joker,
  author = 	 {{A. S.} Murawski and {C.-H. L.} Ong},
  title = 	 {Exhausting Strategies, Joker Games and Full
                  Completeness for IMLL with Unit},
  journal = 	 {Theoretical Computer Science},
  year = 	 {2003},
  volume = 	 {294},
}

@TechReport{Milner:bigraphs,
  author = 	 {Ole H. Jensen and Robin Milner},
  title = 	 {Bigraphs and mobile processes (revised)},
  institution =  {University of Cambridge},
  year = 	 {2004},
  number = 	 {TR580},
  url =          {http://www.cl.cam.ac.uk/TechReports/UCAM-CL-TR-580.pdf}
}

@TechReport{Milner:bigraphs2,
  author = 	 {Robin Milner},
  title = 	 {Bigraphs whose names have multiple locality},
  institution =  {University of Cambridge},
  year = 	 {2004},
  number = 	 {TR603},
  url =          {http://www.cl.cam.ac.uk/TechReports/UCAM-CL-TR-603.pdf}
}

@Book{Kelly:closed,
    author =   {S. Eilenberg and {G. M.} Kelly},
    title =      {Closed Categories},
    publisher = {Springer},
    year =   {1966}
}

@Book{MacLane:cwm,
  author = 	 {Saunders {Mac Lane}},
  title = 	 {Categories for the Working Mathematician},
  publisher = 	 {Springer},
  year = 	 {1998},
  number = 	 {5},
  series = 	 {Graduate Texts in Mathematics},
  edition = 	 {2nd},
}

@PhdThesis{Lawvere:thesis,
  author = 	 {F. W. Lawvere},
  title = 	 {Functorial semantics of algebraic theories},
  school = 	 {Columbia University},
  year = 	 {1963}
}

@Article{Ehresmann:sketches,
  author = 	 {Charles Ehresmann},
  title = 	 {Esquisses et types de structures alg{\'e}briques},
  journal = 	 {Bul. Inst. Polit. Ia{\c{s}}i},
  year = 	 {1968},
  volume = 	 {XIV},
  number = 	 {1-2},
}

@Article{BarrWells:ttt,
  author = 	 {Michael Barr and Charles Wells},
  title = 	 {Toposes, Triples, and Theories},
  journal = 	 {Reprints in Theory and Applications of Categories},
  year = 	 {2005},
  volume = 	 {12},
  note = 	 {Originally published by: Springer, 1985},
}

@Article{KPT:sketches,
  author = 	 {Yoshiki Kinoshita and John Power and Makoto Takeyama},
  title = 	 {Sketches},
  journal = 	 {Journal of Pure and Applied Algebra},
  year = 	 {1999},
  volume = 	 {143},
  number = 	 {1-3},
}

@Inproceedings{HylandPower:sketches,
 author = {Martin Hyland and John Power},
 title = {Symmetric monoidal sketches},
 booktitle = {PPDP~'00},
 year = {2000},
 publisher = {ACM},
 }

@InProceedings{PfenningElliott:hoas,
  author = 	 {Frank Pfenning and Conal Elliott},
  title = 	 {Higher-order abstract syntax},
  booktitle = {PLDI~'88},
  year = 	 {1988},
  publisher = {ACM},
}

@Misc{Hildebrandt:choco,
  author = 	 {Thomas Hildebrandt},
  title = 	 {Polarized and higher-order bigraphs from geometry of
                  interaction},
  howpublished = {Talk at the Choco seminar, Lyon}, 
  url =          {http://choco.pps.jussieu.fr/events},
  month = 	 {June},
  year = 	 {2008},
}

@Article{JSV:goi,
  author = 	 {Andr{\'e} Joyal and Ross Street and Dominic Verity},
  title = 	 {Traced Monoidal Categories},
  journal = 	 {Math. Proc. Cambridge Philos. Soc.},
  year = 	 {1996},
  volume = 	 {119},
}

@PhdThesis{Debois:phd,
  author = 	 {S{\o}ren Debois},
  title = 	 {Sortings {\&} bigraphs},
  school = 	 {IT University of Copenhagen},
  year = 	 {2008},
}


@Article{Lamarche:nets,
  author = 	 {Fran{\c{c}}ois Lamarche and Lutz Strassburger},
  title = 	 {From Proof Nets to the Free *-Autonomous Category},
  journal = 	 {Logical Methods in Computer Science},
  year = 	 {2006},
  volume = 	 {2},
  number = 	 {4},
}

@article{power:premonoidal,
 author = {John Power and Edmund Robinson},
 title = {Premonoidal categories and notions of computation},
 journal = {Mathematical. Structures in Comp. Sci.},
 volume = {7},
 number = {5},
 year = {1997},
 publisher = {Cambridge University Press},
 }

@inproceedings{Bruni:ccdc,
 author = {Roberto Bruni and Ugo Montanari},
 title = {Cartesian Closed Double Categories, Their Lambda-Notation, and the Pi-Calculus},
 booktitle = {LICS~'99},
 year = {1999},
 publisher = {IEEE Computer Society},
 }

@InProceedings{Gardner:action,
  author = 	 {Philippa Gardner and Masahito Hasegawa},
  title = 	 {Types and models for higher-order action calculi},
  booktitle = {Proc. 3rd International Symposium on Theoretical
                  Aspects of Computer Software (TACS'97)},
  year = 	 {1997},
  editor = 	 {S},
  volume = 	 {1281},
  series = 	 {LNCS},
  publisher = {Springer},
}

@InProceedings{Barber:action,
  author = 	 {Andrew Barber and Philippa Gardner and Masahito
                  Hasegawa and Gordon Plotkin},
  title = 	 {From action calculi to linear logic},
  booktitle = {CSL~'97},
  year = 	 {1998},
  volume = 	 {1414},
  series = 	 {LNCS},
  publisher = {Springer},
}

@Article{Sun:binding,
  author = 	 {Yong Sun},
  title = 	 {An algebraic generalization of Frege structures --
                  binding algebras},
  journal = 	 {Theoretical Computer Science},
  year = 	 {1999},
  volume = 	 {211},
  number = 	 {1--2},
}


@InProceedings{Aczel:frege,
  author = 	 {Peter Aczel},
  title = 	 {Frege structures and the notions of proposition,
                  truth and set},
  booktitle = {The Kleene Symposium},
  year = 	 {1980},
  publisher = {North-Holland},
}

@InProceedings{Coccia,
  author = 	 {Matteo Coccia and Fabio Gadducci and Ugo Montanari},
  title = 	 {{GS$\cdot \Lambda$} Theories: A Syntax for
                  Higher-Order Graphs},
  booktitle = {CTCS~'02},
  year = 	 {2003},
  volume = 	 {69},
  series = 	 {ENTCS},
  publisher = {Elsevier},
}

@PhdThesis{Hasegawa:phd,
  author = 	 {Masahito Hasegawa},
  title = 	 {Models of Sharing Graphs (A Categorical Semantics of
                  Let and Letrec)},
  school = 	 {University of Edinburgh},
  year = 	 {1997},
}

@PhdThesis{Barber:phd,
  author = 	 {Andrew Barber},
  title = 	 {Linear Type Theories, Semantics and Action calculi},
  school = 	 {University of Edinburgh},
  year = 	 {1997},
}



@InProceedings{Milner:action,
  author = 	 {Robin Milner},
  title = 	 {Higher-order action calculi},
  booktitle = {CSL~'93},
  year = 	 {1994},
  volume = 	 {832},
  series = 	 {LNCS},
  publisher = {Springer},
}


@InProceedings{Benton:lnl,
  author = 	 {Nick Benton},
  title = 	 {A mixed linear non-linear logic: proofs, terms and models},
  booktitle = {CSL~'94},
  year = 	 {1994},
  volume = 	 {933},
  series = 	 {LNCS},
  publisher = {Springer},
}

@Article{harper:mechanizing,
  author = 	 {Robert Harper and Daniel R. Licata},
  title = 	 {Mechanizing Metatheory in a Logical Framework},
  journal = 	 {Journal of Functional Programming},
  year = 	 2007,
  volume = 	 {17},
  number = 	 {4--5},
}

@InProceedings{hirscho:lam,
  author = 	 {Andr{\'e} Hirschowitz and Marco Maggesi},
  title = 	 {Modules over Monads and Linearity},
  booktitle = {WoLLIC~'07},
  year = 	 {2007},
  volume = 	 {4576},
  series = 	 {LNCS},
  publisher = {Springer},
}

@InProceedings{hofmann:presheaf,
  author = 	 {Martin Hofmann},
  title = 	 {Semantical Analysis of Higher-Order Abstract Syntax},
  booktitle = {LICS~'99},
  year = 	 {1999},
  publisher = {IEEE Computer Society},
}


@InProceedings{fiore:presheaf,
  author = 	 {Marcelo Fiore and Gordon Plotkin and Daniele Turi},
  title = 	 {Abstract Syntax and Variable Binding},
  booktitle = {LICS~'99},
  year = 	 {1999},
  publisher = {IEEE Computer Society},
}

@Article{Milner:pi,
  author = 	 {Robin Milner and Joachim Parrow and David Walker},
  title = 	 {A calculus of mobile processes},
  journal = 	 {Information and Computation},
  year = 	 {1992},
  volume = 	 {100},
  number = 	 {1},
}

@Article{pous:jlap,
  title =	 "An {E}fficient {A}bstract {M}achine for {S}afe
                  {A}mbients",
  author =	 "Daniel Hirschkoff and Damien Pous and Davide
                  Sangiorgi",
  journal =	 jlap,
  volume =	 71,
  number =	 2,
  year =	 2007,
  ee =		 {http://dx.doi.org/10.1016/j.jlap.2007.02.003},
} 

@InProceedings{HHHPP,
  author = 	 {D. Hirschkoff and T. Hirschowitz and S. Hym and
                  A. Pardon and D. Pous},
  title = 	 {Encapsulation and Dynamic Modularity in the Pi-calculus},
  booktitle = {PLACES~'08},
  year = {2008}
}

@Article{Plotkin75,
  author = 	 {Gordon D. Plotkin},
  title = 	 {Call-by-name, call-by-value and the {$\lambda$}-calculus},
  journal = 	 {Theoretical Computer Science},
  year = 	 {1975},
  volume = 	 {1},
  number =       {2},
}

@InProceedings{Hirscho03b,
  author = 	 {Tom Hirschowitz and Xavier Leroy and J. B. Wells},
  title = 	 {Compilation of Extended Recursion in Call-by-Value Functional Languages},
  booktitle = {PPDP~'03},
  year = 	 {2003},
  publisher = {ACM}
}

@phdthesis{Sangiorgi:phd,
   author = {Davide Sangiorgi},
   title = {Expressing Mobility in Process Algebras: First-Order and 
               Higher-Order Paradigms}, 
   school = {University of Edinburgh},
   year = {1992},
}

@inproceedings{Parrow:coupled,
 author = {Joachim Parrow and Peter Sj\"{o}din},
 title = {Multiway Synchrinizaton Verified with Coupled Simulation},
 booktitle = {CONCUR~'92},
 year = {1992},
 isbn = {3-540-55822-5},
 publisher = {Springer},
 address = {London, UK},
 }

@InProceedings{Ambients,
  author = 	 {Luca Cardelli and {Andrew D.} Gordon},
  title = 	 {Mobile Ambients},
  booktitle = {FoSSaCS~'98},
  year = 	 1998,
  editor = 	 {Maurice Nivat},
  volume = 	 1378,
  series = 	 {LNCS},
  publisher = {Springer},
}

@Article{Sobocinski:grpos,
	 author = {Vladimira Sassone and Pawel Soboci\'{n}ski},
	 title = {Deriving Bisimulation Congruences Using 2-categories},
	 journal = {Nordic Journal of Computing},
	 year = {2003},
	 volume = {10},
	 number = {2},
}

@InProceedings{Sobocinski:graphslics,
	 author = {V. Sassone and P. Soboci\'{n}ski},
	 title = {Reactive Systems over Cospans},
	 booktitle = {LICS~'05},
	 year = {2005},
	 publisher = {IEEE Press},
	 url = {http://users.ecs.soton.ac.uk/~ps/\ 
		papers/rsoc.pdf} 
}

@InProceedings{modularLTS,
	 author = {J. Rathke and P. Sobocinski},
	 title = {Deconstructing behavioural \ 
		theories of mobility},
	 booktitle = {TCS~'08},
	 year = {2008},
	 publisher = {Springer},
	 url = {http://users.ecs.soton.ac.uk/~ps/papers/deconstructingPi.pdf} 
}

@PhdThesis{Wadsworth:phd,
  author = 	 {Christopher Wadsworth},
  title = 	 {Semantics and Pragmatics of the Lambda Calculus},
  school = 	 {University of Oxford},
  year = 	 {1971},
}


@Misc{Soloviev:imll,
  author = 	 {Sergei Soloviev},
  title = 	 {Connectedness and acyclicity in {IMLL} proof nets},
  year = 	 {2008},
  note = 	 {Message to the {TYPES} forum},
  month =        {June}
}

@article{GHP,
    author    = {Richard H. G. Garner and
	Tom Hirschowitz and
	    Aur{\'e}lien Pardon},
    title     = {Graphical Presentations of Symmetric Monoidal Closed Theories},
    journal   = {CoRR},
    volume    = {abs/0810.4420},
    year      = {2008},
    ee        = {http://arxiv.org/abs/0810.4420},
    bibsource = {DBLP, http://dblp.uni-trier.de}
}

@article{bigraphs:long,
  author    = {Tom Hirschowitz and
               Aur{\'e}lien Pardon},
  title     = {Binding bigraphs as symmetric monoidal closed theories},
  journal   = {CoRR},
  volume    = {abs/0810.4419},
  year      = {2008},
  ee        = {http://arxiv.org/abs/0810.4419},
  bibsource = {DBLP, http://dblp.uni-trier.de}
}


@Article{Birkedal,
  author = 	 {{T. C.} Damgaard and L. Birkedal},
  title = 	 {Axiomatizing binding bigraphs},
  journal = 	 {Nordic Journal of Computing},
  year = 	 {2006},
  volume = 	 {13},
  number = 	 {1--2},
}

@article{grohmann,
author = {Davide Grohmann and Marino Miculan},
title = {Directed Bigraphs},
journal = {ENTCS},
volume = {173},
year = {2007},
ee = {http://dx.doi.org/10.1016/j.entcs.2007.02.031}
} 

@ARTICLE{Damgaard:Matching,
  AUTHOR = {Troels Christoffer Damgaard and
                  Arne John Glenstrup and Lars Birkedal and Robin Milner},
  TITLE = {An Inductive Characterization of Matching in Binding
                  Bigraphs},
  JOURNAL = {To appear},
  YEAR = 2008,
  ABSTRACT = {We analyze the matching problem for bigraphs. In
                  particular, we present a sound and complete
                  inductive characterization of matching in bigraphs
                  with binding. Our results yield a specification for
                  a provably correct matching algorithm, as needed by
                  our prototype tool implementing bigraphical reactive
                  systems.},
  PDF = {http://www.itu.dk/~panic/Papers/DamgaardEtAl-2008-InductiveCharacterizationMatching.pdf}
}

@ARTICLE{Glenstrup:Matching,
  AUTHOR = {Arne John Glenstrup and Troels Christoffer Damgaard
                  and Lars Birkedal and Espen H{\o}jsgaard},
  TITLE = {An Implementation of Bigraph Matching},
  JOURNAL = {Submitted},
  YEAR = 2008,
  ABSTRACT = {We describe a provably sound and complete matching
                  algorithm for bigraphical reactive systems. The
                  algorithm has been implemented in our BPL Tool, a
                  first implementation of bigraphical reactive
                  systems. We describe the tool and present a concrete
                  example of how it can be used to simulate a model of
                  a mobile phone system in a bigraphical
                  representation of the polyadic pi calculus.},
  PDF = {http://www.itu.dk/~panic/Papers/GlenstrupEtAl-2008-ImplementationBigraphMatching.pdf}
}

@InProceedings{PittsAM:newaas,
  author = 	 {M.~J.~Gabbay and A.~M.~Pitts},
  title = 	 {A New Approach to Abstract Syntax Involving Binders},
  booktitle = 	 {LICS~'99},
  year = 	 1999,
  publisher =    {IEEE Computer Society},
}

@inproceedings{Lafont90,
  author    = {Yves Lafont},
  title     = {Interaction Nets},
  booktitle = {POPL},
  year      = {1990},
  bibsource = {DBLP, http://dblp.uni-trier.de},
  publisher = {ACM}
}


@Article{Mellies,
  author = 	 {Paul-Andr\'e Melli\`es},
  title = 	 {Double categories: a modular model of multiplicative linear logic},
  journal = 	 {Mathematical Structures in Computer Science}, 
  year = 	 {2002},
  volume = 	 {12},
}

@InProceedings{dedou,
  author = 	 {J. Despeyroux and A. Felty and A. Hirschowitz},
  title = 	 {Higher-order abstract syntax in {Coq}},
  booktitle = {TLCA~'95},
  year = 	 {1995},
  volume = 	 {902},
  series = 	 {LNCS},
  publisher = {Springer},
}

@inproceedings{DBLP:conf/mfcs/Tanaka00,
  author    = {Miki Tanaka},
  title     = {Abstract Syntax and Variable Binding for Linear Binders},
  booktitle = {MFCS~'00},
  year      = {2000},
  ee        = {http://link.springer.de/link/service/series/0558/bibs/1893/18930670.htm},
  bibsource = {DBLP, http://dblp.uni-trier.de},
  publisher = {Springer},
  series    = {LNCS},
  volume    = {1893},
}

@proceedings{DBLP:conf/mfcs/2000,
  editor    = {Mogens Nielsen and
               Branislav Rovan},
  title     = {Mathematical Foundations of Computer Science 2000, 25th
               International Symposium, MFCS 2000, Bratislava, Slovakia,
               August 28 - September 1, 2000, Proceedings},
  booktitle = {MFCS},
  publisher = {Springer},
  series    = {LNCS},
  volume    = {1893},
  year      = {2000},
  isbn      = {3-540-67901-4},
  bibsource = {DBLP, http://dblp.uni-trier.de}
}

@inproceedings{DBLP:conf/fossacs/GianantonioHL08,
  author    = {Pietro Di Gianantonio and
               Furio Honsell and
               Marina Lenisa},
  title     = {{RPO}, Second-Order Contexts, and lambda-Calculus},
  booktitle = {FoSSaCS~'08},
  year      = {2008},
  ee        = {http://dx.doi.org/10.1007/978-3-540-78499-9_24},
  bibsource = {DBLP, http://dblp.uni-trier.de}
}

@proceedings{DBLP:conf/fossacs/2008,
  editor    = {Roberto M. Amadio},
  title     = {Foundations of Software Science and Computational Structures,
               11th International Conference, FOSSACS 2008, Held as Part
               of the Joint European Conferences on Theory and Practice
               of Software, ETAPS 2008, Budapest, Hungary, March 29 - April
               6, 2008. Proceedings},
  booktitle = {FoSSaCS},
  publisher = {Springer},
  series    = {LNCS},
  volume    = {4962},
  year      = {2008},
  isbn      = {978-3-540-78497-5},
  bibsource = {DBLP, http://dblp.uni-trier.de}
}

@article{DBLP:journals/tcs/HonsellMS01,
  author    = {Furio Honsell and
               Marino Miculan and
               Ivan Scagnetto},
  title     = {pi-calculus in (Co)inductive-type theory},
  journal   = {Theor. Comput. Sci.},
  volume    = {253},
  number    = {2},
  year      = {2001},
  ee        = {http://dx.doi.org/10.1016/S0304-3975(00)00095-5},
  bibsource = {DBLP, http://dblp.uni-trier.de}
}

@inproceedings{Lamping,
  author    = {John Lamping},
  title     = {An Algorithm for Optimal Lambda Calculus Reduction},
  booktitle = {POPL},
  year      = {1990},
  pages     = {16-30},
  bibsource = {DBLP, http://dblp.uni-trier.de}
}

@phdthesis{Regnier,
        author  = "Laurent Regnier",
        title   = "Lambda-calcul et r\'eseaux",
        year    = "1992",
        school  = "Universit\'e Paris 7",
}

@phdthesis{Danos,
       author = "Vincent Danos",
				title = "Une application de la logique lin\'eaire \`a l'\'etude des processus 
                 de normalisation (principalement du lambda-calcul)",
       school = "Universit\'e Paris 7",
         year = "1990",
}

@article{DBLP:journals/entcs/GadducciM96,
  author    = {Fabio Gadducci and
               Ugo Montanari},
  title     = {Tiles, rewriting rules and CCS},
  journal   = {Electr. Notes Theor. Comput. Sci.},
  volume    = {4},
  year      = {1996},
  ee        = {http://www.elsevier.com/gej-ng/31/29/23/29/23/show/Products/notes/index.htt\#002},
  bibsource = {DBLP, http://dblp.uni-trier.de}
}
@inproceedings{DBLP:conf/lics/Seely87,
  author    = {R. A. G. Seely},
  title     = {Modelling Computations: A 2-Categorical Framework},
  booktitle = {LICS},
  year      = {1987},
  pages     = {65-71},
  crossref  = {DBLP:conf/lics/LICS2},
  bibsource = {DBLP, http://dblp.uni-trier.de}
}

@proceedings{DBLP:conf/lics/LICS2,
  title     = {Proceedings, Symposium on Logic in Computer Science, 22-25
               June 1987, Ithaca, New York, USA},
  booktitle = {LICS},
  publisher = {IEEE Computer Society},
  year      = {1987},
  bibsource = {DBLP, http://dblp.uni-trier.de}
}

@Unpublished{Leinster,
  author = 	 {Tom Leinster},
  title = 	 {Nerves of algebras},
  note = 	 {Talk at CT '04},
  url =          {http://www.maths.gla.ac.uk/~tl/vancouver/},
  year = 	 {2004},
}

@Article{Weber:famfun,
  author = 	 {Mark Weber},
  title = 	 {Familial 2-functors and parametric right adjoints},
  journal = 	 {Theory and Applications of Categories},
  year = 	 {2007},
  volume = 	 {18},
  number = 	 {22},
  pages = 	 {665--732},
}

@Misc{Baez,
  author = 	 {John Baez},
  title = 	 {Computation and the Periodic Table},
  howpublished = {Invited talk at LICS '09},
  month = 	 {},
  year = 	 {2009},
}


@Article{Fiore,
  author = 	 {Thomas M. Fiore and Simona Paoli and Dorette Pronk},
  title = 	 {Model Structures on the Category of Small Double Categories},
  journal = 	 {Algebraic and Geometric Topology},
  year = 	 {2008},
  volume = 	 {8},
  number = 	 {4},
  pages = 	 {1855-1959},
}

@inproceedings{DBLP:conf/concur/GarnerHP09,
  author    = {Richard H. G. Garner and
               Tom Hirschowitz and
               Aur{\'e}lien Pardon},
  title     = {Variable Binding, Symmetric Monoidal Closed Theories, and
               Bigraphs},
  booktitle = {CONCUR},
  year      = {2009},
  pages     = {321-337},
  ee        = {http://dx.doi.org/10.1007/978-3-642-04081-8_22},
  crossref  = {DBLP:conf/concur/2009},
  bibsource = {DBLP, http://dblp.uni-trier.de}
}

@proceedings{DBLP:conf/concur/2009,
  editor    = {Mario Bravetti and
               Gianluigi Zavattaro},
  title     = {CONCUR 2009 - Concurrency Theory, 20th International Conference,
               CONCUR 2009, Bologna, Italy, September 1-4, 2009. Proceedings},
  booktitle = {CONCUR},
  publisher = {Springer},
  series    = {Lecture Notes in Computer Science},
  volume    = {5710},
  year      = {2009},
  isbn      = {978-3-642-04080-1},
  ee        = {http://dx.doi.org/10.1007/978-3-642-04081-8},
  bibsource = {DBLP, http://dblp.uni-trier.de}
}
